
% Writing Style, LaTeX, etc.
% --------------------------


% Books
% -----

@book{KopkaDaly,
  author       = "Helmut Kopka and Patrick W. Daly",
  title        = "Guide to \LaTeXe",
  publisher    = "Pearson Education",
  edition      = "4",
  date         = "2003",
  isbn         = "0321173856",
}




% Online Resources
% ----------------

@online{CTAN,
  author       = "{CTAN}",
  title        = "Comprehensive {TeX} Archive Network",
  date         = "2012-10-22",
  url          = "http://ctan.org/",
  urldate      = "2012-10-22",
}



@booklet{NotShortIntroLaTeX,
  author       = "Tobias Oetiker and Hubert Partl and
                  Irene Hyna and Elisabeth Schlegl",
  title        = "The Not So Short Introduction to {\LaTeXe}",
  date         = "2011-05-06",
  url          = "http://tobi.oetiker.ch/lshort/lshort.pdf",
  urldate      = "2014-02-10",
}
% http://tobi.oetiker.ch/lshort/lshort.pdf



@booklet{FormattingInformation,
  author       = "Peter Flynn",
  title        = "Formatting Information: A Beginner's Introduction
                  to Typesetting with {\LaTeXe}",
  date         = "2005-04-04",
  url          = "http://www.tex.ac.uk/tex-archive/info/beginlatex/",
  urldate      = "2014-05-26",
}


@booklet{WordProcessors,
  author       = "Allin Cottrell",
  title        = "Word Processors: Stupid and Inefficient",
  date         = "1999-06-29",
  url          = "http://ricardo.ecn.wfu.edu/~cottrell/wp.html",
  urldate      = "2012-10-22",
}




@online{1,
  author       = "{ITU.int}",
  title        = "Individuals using the Internet 2005 to 2014",
  organization = "{International Telecommunication Union}",
  date         = "2015-05",
  url          = "https://www.itu.int/en/ITU-D/Statistics/Pages/stat/default.aspx",
}


@online{2,
  author       = "{Wikimedia Commons}",
  title        = "Internet users per 100 inhabitants 1997 to 2007",
  organization = "{ ICT Data and Statistics (IDS)}",
  date         = "2011-11",
  url          = "https://commons.wikimedia.org/wiki/File:Internet_users_per_100_inhabitants_1997-2007_ITU.svg",
}

@booklet{3,
  author       = "Sharki, C. and Fisher",
  title        = "Jump Start Responsive Web Design",
  date         = "2013-04",
}


@online{4,
  author       = "{Himanshu Negi}",
  title        = "Using MediaQueries",
  date         = "2018-05",
  url          = "https://medium.com/beginners-guide-to-mobile-web-development/media-queries-54a1a463356f",
}

@booklet{5,
  author       = "MOHAMED, A.A.",
  title        = "An Enhanced Approach to Responsive Web Design Influid Grid Concept",
  date         = "2015",
}

@booklet{6,
  author       = "B. Frain",
  title        = "Responsive web design with HTML5 and CSS3",
  date         = "2015",
}

@online{7,
  author       = "{HTML5 Tutorial}",
  title        = "Basics of Tables",
  url          = "https://html5-tutorial.net/tables/basics-of-tables/",
}

@online{8,
  author       = "{Adam Wood}",
  title        = "HTML Tags",
  url          = "https://html.com/tags/tbody/",
}

@online{9,
  author       = "{Chris Coyier}",
  title        = "Responsive Data Tables",
  date         = "2018-06",
  url          = "https://css-tricks.com/responsive-data-tables/",
}

@online{10,
  author       = "{Alligator.io LLC}",
  title        = "Implementing A Pure CSS Collapsible",
  date         = "2019",
  url          = "https://alligator.io/css/collapsible/",
}


@booklet{TeXfaq,
  author       = "Robin Fairbairns",
  title        = "{UK TeX FAQ}",
  date         = "2013-03-29",
  url          = "http://www.tex.ac.uk/faq",
  urldate      = "2012-10-22",
}


@online{DANTE,
  author       = "{DANTE}",
  title        = "Deutschsprachige Anwendervereinigung {TeX}",
  date         = "2016-11-16",
  url          = "http://dante.de/",
  urldate      = "2016-11-22",
}


@booklet{CambridgeLaTeX,
  author       = "Tim Love",
  title        = "Text Processing using {\LaTeXe}",
  date         = "2012",
  url          = "http://www-h.eng.cam.ac.uk/help/tpl/textprocessing/",
  urldate      = "2012-10-22",
}


@booklet{LaTeX2HTML,
  author       = "Nikos Drakos and Ross Moore",
  title        = "{LaTeX2HTML}",
  date         = "2001-09-25",
  url          = "http://latex2html.org/",
  urldate      = "2012-10-22",
}


@booklet{texlive,
  author       = "Sebastian Rahtz",
  title        = "{TeX Live}",
  date         = "2016-06-05",
  url          = "http://tug.org/texlive/",
  urldate      = "2016-11-22",
}

@booklet{ctan-texlive,
  author       = "{CTAN}",
  title        = "TeX Live ISO Images",
  date         = "2016",
  url          = "http://ctan.org/tex-archive/systems/texlive/Images/",
  urldate      = "2016-11-22",
}


@booklet{Wikibooks-latex,
  author       = "{Wikibooks}",
  title        = "LaTeX",
  date         = "2016-06-18",
  url          = "http://en.wikibooks.org/wiki/LaTeX",
  urldate      = "2016-11-22",
}


@booklet{LatexTUGraz,
  author       = "Michael Hammer and Karl Voit and Thomas Quaritsch",
  title        = "LaTeX@TUG",
  date         = "2012-09-14",
  url          = "http://latex.tugraz.at/",
  urldate      = "2012-10-09",
}



@booklet{BibTeX,
  author       = "Oren Patashnik",
  title        = "bibtex – Process bibliographies for LaTeX",
  date         = "1988-02-08",
  url          = "http://ctan.org/pkg/bibtex",
  urldate      = "2018-08-09",
}

@booklet{BibLaTeX,
  author       = "Philipp Lehman",
  title        = "BibLaTeX -– Sophisticated Bibliographies in LaTeX",
  date         = "2018-03-01",
  url          = "http://ctan.org/pkg/biblatex",
  urldate      = "2018-08-09",
}


@booklet{Biblatex-Cheatsheet,
  author       = "Clea F. Rees",
  title        = "BibLaTeX Cheat Sheet",
  date         = "2017-06-24",
  url          = "http://tug.ctan.org/info/biblatex-cheatsheet/biblatex-cheatsheet.pdf",
  urldate      = "2018-08-09",
}



@booklet{Biber,
  author       = "François Charette and Philip Kime",
  title        = "Biber: A BibTeX Replacement for Users of BibLaTeX",
  date         = "2018-02-22",
  url          = "https://ctan.org/pkg/biber",
  urldate      = "2018-08-09",
}





@booklet{texmaker,
  author       = "Pascal Brachet",
  title        = "{Texmaker}",
  date         = "2012",
  url          = "http://xm1math.net/texmaker/",
}

@booklet{WinEdt,
  author       = "Aleksander Simonic",
  title        = "{WinEdt}",
  date         = "2012",
  url          = "http://winedt.com/",
}

@booklet{LEd,
  author       = "Adam Skorczynski and Sebastian Deorowicz",
  title        = "LEd LaTeX Editor",
  date         = "2009",
  url          = "http://latexeditor.org/",
}

@booklet{TeXnicCenter,
  author       = "Sven Wiegand and Tino Weinkauf",
  title        = "{TeXnicCenter}",
  date         = "2008",
  url          = "http://texniccenter.org/",
}



@online{HS,
  author       = "{Andrew Coyle}",
  title        = "Design better data tables",
  date         = "2017-05-07",
  url          = "https://uxdesign.cc/design-better-data-tables-4ecc99d23356",
  urldate      = "2017-05-07",
}

@online{HS_1,
  author       = "{David Bushell}",
  title        = "CSS only Responsive Tables",
  date         = "2016-03-04",
  url          = "https://dbushell.com/2016/03/04/css-only-responsive-tables/",
  urldate      = "2016-03-04",
}

@online{FH,
  author       = "{w3schools.com}",
  title        = "CSS calc() Function",
  date         = "",
  url          = "https://www.w3schools.com/cssref/func_calc.asp",
  urldate      = "",
}

@online{FH_1,
  author       = "{Frederic}",
  title        = "Fixed header and scrollable body in table in html angular",
  date         = "",
  url          = "https://mdbootstrap.com/support/angular/fixed-header-and-scrollable-body-in-table-in-html-angular/",
  urldate      = "",
}

@online{PG,
  author       = "{Brian Tompsett}",
  title        = "How to use paging in a table in html",
  date         = "2018-02-02",
  url          = "https://stackoverflow.com/questions/48966595/how-to-use-paging-in-a-table-in-html/48966882",
  urldate      = "2018-02-02",
}

@online{PG_1,
  author       = "{}",
  title        = "DataTables",
  date         = "",
  url          = "https://datatables.net/",
  urldate      = "",
}

@online{PG_2,
  author       = "{Irfan Ahmad}",
  title        = "Fixed header and scrollable body in table in html angular",
  date         = "2018-06-15",
  url          = "https://www.socialmediatoday.com/news/how-much-data-is-generated-every-minute-infographic-1/525692/",
  urldate      = "2018-06-15",
} 
 