
% Responsove Tables
% -----------------



@online{ITU,
  author       = "ITU.int",
  title        = "Individuals using the Internet 2005 to 2014",
  organization = "{International Telecommunication Union}",
  date         = "2015-05",
  url          = "https://www.itu.int/en/ITU-D/Statistics/Pages/stat/default.aspx",
}


@online{2,
  author       = "Wikimedia Commons",
  title        = "Internet users per 100 inhabitants 1997 to 2007",
  organization = "{ICT Data and Statistics (IDS)}",
  date         = "2011-11",
  url          = "https://commons.wikimedia.org/wiki/File:Internet_users_per_100_inhabitants_1997-2007_ITU.svg",
}

@booklet{SharkiFisher,
  author       = "Sharki, C. and Fisher",
  title        = "Jump Start Responsive Web Design",
  date         = "2013-04",
}


@online{HimanshuNegi,
  author       = "Himanshu Negi",
  title        = "Using MediaQueries",
  date         = "2018-05",
  url          = "https://medium.com/beginners-guide-to-mobile-web-development/media-queries-54a1a463356f",
}

@booklet{A.A.Mohamed,
  author       = "A. A. Mohamed",
  title        = "An Enhanced Approach to Responsive Web Design Influid Grid Concept",
  date         = "2015",
}

@booklet{B.Frain,
  author       = "B. Frain",
  title        = "Responsive web design with HTML5 and CSS3",
  date         = "2015",
}

@online{HTML5Tutorial,
  author       = "HTML5 Tutorial",
  title        = "Basics of Tables",
  url          = "https://html5-tutorial.net/tables/basics-of-tables/",
}

@online{AdamWood,
  author       = "Adam Wood",
  title        = "HTML Tags",
  url          = "https://html.com/tags/tbody/",
}

@online{ChrisCoyier,
  author       = "Chris Coyier",
  title        = "Responsive Data Tables",
  date         = "2018-06",
  url          = "https://css-tricks.com/responsive-data-tables/",
}

@online{Alligator,
  author       = "Alligator",
  title        = "Implementing A Pure CSS Collapsible",
  howpublished = "Alligator",
  date         = "2019",
  url          = "https://alligator.io/css/collapsible/",
  urldate      = "2019-12-03",
}

@online{HS,
  author       = "Andrew Coyle",
  title        = "Design better data tables",
  date         = "2017-05-07",
  url          = "https://uxdesign.cc/design-better-data-tables-4ecc99d23356",
  urldate      = "2017-05-07",
}

@online{HS_1,
  author       = "David Bushell",
  title        = "CSS only Responsive Tables",
  date         = "2016-03-04",
  url          = "https://dbushell.com/2016/03/04/css-only-responsive-tables/",
  urldate      = "2016-03-04",
}

@online{FH,
  author       = "w3schools.com",
  title        = "CSS calc() Function",
  date         = "",
  url          = "https://www.w3schools.com/cssref/func_calc.asp",
  urldate      = "",
}

@online{FH_1,
  author       = "Frederic",
  title        = "Fixed header and scrollable body in table in html angular",
  date         = "",
  url          = "https://mdbootstrap.com/support/angular/fixed-header-and-scrollable-body-in-table-in-html-angular/",
  urldate      = "",
}

@online{PG,
  author       = "Brian Tompsett",
  title        = "How to use paging in a table in html",
  date         = "2018-02-02",
  url          = "https://stackoverflow.com/questions/48966595/how-to-use-paging-in-a-table-in-html/48966882",
  urldate      = "2018-02-02",
}

@online{PG_1,
  author       = "{}",
  title        = "DataTables",
  date         = "",
  url          = "https://datatables.net/",
  urldate      = "",
}

@online{PG_2,
  author       = "Irfan Ahmad",
  title        = "Fixed header and scrollable body in table in html angular",
  date         = "2018-06-15",
  url          = "https://www.socialmediatoday.com/news/how-much-data-is-generated-every-minute-infographic-1/525692/",
  urldate      = "2018-06-15",
} 

@online{FS,
  author       = "Simon Elvery",
  title        = "Responsive Tables Demo",
  date         = "",
  url          = "https://elvery.net/demo/responsive-tables/",
  urldate      = "",
} 

@online{URC_1,
  author       = "w3schools.com",
  title        = "CSS resize Property",
  date         = "",
  url          = "https://www.w3schools.com/cssref/css3_pr_resize.asp",
  urldate      = "",
}

@online{URC_2,
  author       = "Jo-Geek",
  title        = "jQuery Plugin For Resizeable Table Columns - ResizeableColumns",
  date         = "2019-11-15",
  url          = "https://www.jqueryscript.net/table/jQuery-Plugin-Resizable-Table-Columns.html",
  urldate      = "",
}

@online{L2C,
  author       = "CSS-Tricks",
  title        = "Responsive Table Demo",
  date         = "",
  url          = "https://codepen.io/team/css-tricks/pen/wXgJww?editors=1100",
  urldate      = "",
}